@Unpublished{ euTrafficStats,
	author = {European{\ }Road{\ }Safety{\ }Observatory},
	title = {Traffic Safety Basic Facts 2012 - Motorways},
	howpublished = {WWW page},
	note = {2012}
}

@INPROCEEDINGS{HirschmullerRLandSGBM, 
author={Hirschmuller, H.}, 
booktitle={Computer Vision and Pattern Recognition, 2005. CVPR 2005. IEEE Computer Society Conference on}, 
title={Accurate and efficient stereo processing by semi-global matching and mutual information}, 
year={2005}, 
month={June}, 
volume={2}, 
pages={807-814 vol. 2}, 
keywords={image matching;stereo image processing;multibaseline stereo images;mutual information based matching;pixelwise matching;semiglobal matching;smoothness constraint;stereo matching;stereo processing;Belief propagation;Costs;Geometry;Image reconstruction;Lighting;Mutual information;Pixel;Reflection;Robustness;Stereo vision}, 
doi={10.1109/CVPR.2005.56}, 
ISSN={1063-6919},}

@INPROCEEDINGS{Geiger2011IV,
  author = {Andreas Geiger and Julius Ziegler and Christoph Stiller},
  title = {StereoScan: Dense 3d Reconstruction in Real-time},
  booktitle = {Intelligent Vehicles Symposium (IV)},
  year = {2011}
} 

@inproceedings{labayrade2002real,
  title={Real time obstacle detection in stereovision on non flat road geometry through" v-disparity" representation},
  author={Labayrade, Raphael and Aubert, Didier and Tarel, J-P},
  booktitle={Intelligent Vehicle Symposium, 2002. IEEE},
  volume={2},
  pages={646--651},
  year={2002},
  organization={IEEE}
}